%YAML 1.1
%TAG !u! tag:unity3d.com,2011:
--- !u!29 &1
OcclusionCullingSettings:
  m_ObjectHideFlags: 0
  serializedVersion: 2
  m_OcclusionBakeSettings:
    smallestOccluder: 5
    smallestHole: 0.25
    backfaceThreshold: 100
  m_SceneGUID: 00000000000000000000000000000000
  m_OcclusionCullingData: {fileID: 0}
--- !u!104 &2
RenderSettings:
  m_ObjectHideFlags: 0
  serializedVersion: 8
  m_Fog: 0
  m_FogColor: {r: 0.5, g: 0.5, b: 0.5, a: 1}
  m_FogMode: 3
  m_FogDensity: 0.01
  m_LinearFogStart: 0
  m_LinearFogEnd: 300
  m_AmbientSkyColor: {r: 0.212, g: 0.227, b: 0.259, a: 1}
  m_AmbientEquatorColor: {r: 0.114, g: 0.125, b: 0.133, a: 1}
  m_AmbientGroundColor: {r: 0.047, g: 0.043, b: 0.035, a: 1}
  m_AmbientIntensity: 1
  m_AmbientMode: 3
  m_SubtractiveShadowColor: {r: 0.42, g: 0.478, b: 0.627, a: 1}
  m_SkyboxMaterial: {fileID: 0}
  m_HaloStrength: 0.5
  m_FlareStrength: 1
  m_FlareFadeSpeed: 3
  m_HaloTexture: {fileID: 0}
  m_SpotCookie: {fileID: 10001, guid: 0000000000000000e000000000000000, type: 0}
  m_DefaultReflectionMode: 0
  m_DefaultReflectionResolution: 128
  m_ReflectionBounces: 1
  m_ReflectionIntensity: 1
  m_CustomReflection: {fileID: 0}
  m_Sun: {fileID: 0}
  m_IndirectSpecularColor: {r: 0, g: 0, b: 0, a: 1}
--- !u!157 &3
LightmapSettings:
  m_ObjectHideFlags: 0
  serializedVersion: 11
  m_GIWorkflowMode: 1
  m_GISettings:
    serializedVersion: 2
    m_BounceScale: 1
    m_IndirectOutputScale: 1
    m_AlbedoBoost: 1
    m_TemporalCoherenceThreshold: 1
    m_EnvironmentLightingMode: 0
    m_EnableBakedLightmaps: 0
    m_EnableRealtimeLightmaps: 0
  m_LightmapEditorSettings:
    serializedVersion: 9
    m_Resolution: 2
    m_BakeResolution: 40
    m_TextureWidth: 1024
    m_TextureHeight: 1024
    m_AO: 0
    m_AOMaxDistance: 1
    m_CompAOExponent: 1
    m_CompAOExponentDirect: 0
    m_Padding: 2
    m_LightmapParameters: {fileID: 0}
    m_LightmapsBakeMode: 1
    m_TextureCompression: 1
    m_FinalGather: 0
    m_FinalGatherFiltering: 1
    m_FinalGatherRayCount: 256
    m_ReflectionCompression: 2
    m_MixedBakeMode: 2
    m_BakeBackend: 0
    m_PVRSampling: 1
    m_PVRDirectSampleCount: 32
    m_PVRSampleCount: 500
    m_PVRBounces: 2
    m_PVRFilterTypeDirect: 0
    m_PVRFilterTypeIndirect: 0
    m_PVRFilterTypeAO: 0
    m_PVRFilteringMode: 1
    m_PVRCulling: 1
    m_PVRFilteringGaussRadiusDirect: 1
    m_PVRFilteringGaussRadiusIndirect: 5
    m_PVRFilteringGaussRadiusAO: 2
    m_PVRFilteringAtrousPositionSigmaDirect: 0.5
    m_PVRFilteringAtrousPositionSigmaIndirect: 2
    m_PVRFilteringAtrousPositionSigmaAO: 1
    m_ShowResolutionOverlay: 1
  m_LightingDataAsset: {fileID: 0}
  m_UseShadowmask: 1
--- !u!196 &4
NavMeshSettings:
  serializedVersion: 2
  m_ObjectHideFlags: 0
  m_BuildSettings:
    serializedVersion: 2
    agentTypeID: 0
    agentRadius: 0.5
    agentHeight: 2
    agentSlope: 45
    agentClimb: 0.4
    ledgeDropHeight: 0
    maxJumpAcrossDistance: 0
    minRegionArea: 2
    manualCellSize: 0
    cellSize: 0.16666667
    manualTileSize: 0
    tileSize: 256
    accuratePlacement: 0
    debug:
      m_Flags: 0
  m_NavMeshData: {fileID: 0}
--- !u!1 &55192782 stripped
GameObject:
  m_PrefabParentObject: {fileID: 1712385064036936, guid: 8d7ab1887b29fb84e98dd066bc0e799e,
    type: 2}
  m_PrefabInternal: {fileID: 532537343}
--- !u!61 &55192784
BoxCollider2D:
  m_ObjectHideFlags: 0
  m_PrefabParentObject: {fileID: 0}
  m_PrefabInternal: {fileID: 0}
  m_GameObject: {fileID: 55192782}
  m_Enabled: 1
  m_Density: 1
  m_Material: {fileID: 0}
  m_IsTrigger: 0
  m_UsedByEffector: 0
  m_UsedByComposite: 0
  m_Offset: {x: 0, y: 0}
  m_SpriteTilingProperty:
    border: {x: 0, y: 0, z: 0, w: 0}
    pivot: {x: 0.5, y: 0.5}
    oldSize: {x: 2.61, y: 2.11}
    newSize: {x: 2.61, y: 2.11}
    adaptiveTilingThreshold: 0.5
    drawMode: 0
    adaptiveTiling: 0
  m_AutoTiling: 0
  serializedVersion: 2
  m_Size: {x: 2.61, y: 2.11}
  m_EdgeRadius: 0
--- !u!114 &55192785
MonoBehaviour:
  m_ObjectHideFlags: 0
  m_PrefabParentObject: {fileID: 0}
  m_PrefabInternal: {fileID: 0}
  m_GameObject: {fileID: 55192782}
  m_Enabled: 1
  m_EditorHideFlags: 0
  m_Script: {fileID: 11500000, guid: 38e22f5a6c590d7448ef58c92b140ab8, type: 3}
  m_Name: 
  m_EditorClassIdentifier: 
--- !u!1 &196898169 stripped
GameObject:
  m_PrefabParentObject: {fileID: 1587641205508622, guid: 8d7ab1887b29fb84e98dd066bc0e799e,
    type: 2}
  m_PrefabInternal: {fileID: 532537343}
--- !u!61 &196898171
BoxCollider2D:
  m_ObjectHideFlags: 0
  m_PrefabParentObject: {fileID: 0}
  m_PrefabInternal: {fileID: 0}
  m_GameObject: {fileID: 196898169}
  m_Enabled: 1
  m_Density: 1
  m_Material: {fileID: 0}
  m_IsTrigger: 0
  m_UsedByEffector: 0
  m_UsedByComposite: 0
  m_Offset: {x: 0, y: 0}
  m_SpriteTilingProperty:
    border: {x: 0, y: 0, z: 0, w: 0}
    pivot: {x: 0.5, y: 0.5}
    oldSize: {x: 2.61, y: 2.11}
    newSize: {x: 2.61, y: 2.11}
    adaptiveTilingThreshold: 0.5
    drawMode: 0
    adaptiveTiling: 0
  m_AutoTiling: 0
  serializedVersion: 2
  m_Size: {x: 2.61, y: 2.11}
  m_EdgeRadius: 0
--- !u!114 &196898172
MonoBehaviour:
  m_ObjectHideFlags: 0
  m_PrefabParentObject: {fileID: 0}
  m_PrefabInternal: {fileID: 0}
  m_GameObject: {fileID: 196898169}
  m_Enabled: 1
  m_EditorHideFlags: 0
  m_Script: {fileID: 11500000, guid: 38e22f5a6c590d7448ef58c92b140ab8, type: 3}
  m_Name: 
  m_EditorClassIdentifier: 
--- !u!1001 &532537343
Prefab:
  m_ObjectHideFlags: 0
  serializedVersion: 2
  m_Modification:
    m_TransformParent: {fileID: 1348581395}
    m_Modifications:
    - target: {fileID: 114722893733647440, guid: 8d7ab1887b29fb84e98dd066bc0e799e,
        type: 2}
      propertyPath: _hiddenObjectList.Array.size
      value: 4
      objectReference: {fileID: 0}
    - target: {fileID: 4089697495530512, guid: 8d7ab1887b29fb84e98dd066bc0e799e, type: 2}
      propertyPath: m_LocalPosition.x
      value: 0
      objectReference: {fileID: 0}
    - target: {fileID: 4089697495530512, guid: 8d7ab1887b29fb84e98dd066bc0e799e, type: 2}
      propertyPath: m_LocalPosition.y
      value: 0
      objectReference: {fileID: 0}
    - target: {fileID: 4089697495530512, guid: 8d7ab1887b29fb84e98dd066bc0e799e, type: 2}
      propertyPath: m_LocalPosition.z
      value: 0
      objectReference: {fileID: 0}
    - target: {fileID: 4089697495530512, guid: 8d7ab1887b29fb84e98dd066bc0e799e, type: 2}
      propertyPath: m_LocalRotation.x
      value: 0
      objectReference: {fileID: 0}
    - target: {fileID: 4089697495530512, guid: 8d7ab1887b29fb84e98dd066bc0e799e, type: 2}
      propertyPath: m_LocalRotation.y
      value: 0
      objectReference: {fileID: 0}
    - target: {fileID: 4089697495530512, guid: 8d7ab1887b29fb84e98dd066bc0e799e, type: 2}
      propertyPath: m_LocalRotation.z
      value: 0
      objectReference: {fileID: 0}
    - target: {fileID: 4089697495530512, guid: 8d7ab1887b29fb84e98dd066bc0e799e, type: 2}
      propertyPath: m_LocalRotation.w
      value: 1
      objectReference: {fileID: 0}
    - target: {fileID: 4089697495530512, guid: 8d7ab1887b29fb84e98dd066bc0e799e, type: 2}
      propertyPath: m_RootOrder
      value: 4
      objectReference: {fileID: 0}
    - target: {fileID: 114722893733647440, guid: 8d7ab1887b29fb84e98dd066bc0e799e,
        type: 2}
      propertyPath: _hiddenObjectList.Array.data[0]
      value: 
      objectReference: {fileID: 55192785}
    - target: {fileID: 114722893733647440, guid: 8d7ab1887b29fb84e98dd066bc0e799e,
        type: 2}
      propertyPath: _hiddenObjectList.Array.data[1]
      value: 
      objectReference: {fileID: 196898172}
    - target: {fileID: 114722893733647440, guid: 8d7ab1887b29fb84e98dd066bc0e799e,
        type: 2}
      propertyPath: _hiddenObjectList.Array.data[2]
      value: 
      objectReference: {fileID: 688922510}
    - target: {fileID: 114722893733647440, guid: 8d7ab1887b29fb84e98dd066bc0e799e,
        type: 2}
      propertyPath: _hiddenObjectList.Array.data[3]
      value: 
      objectReference: {fileID: 1107714443}
    - target: {fileID: 114722893733647440, guid: 8d7ab1887b29fb84e98dd066bc0e799e,
        type: 2}
      propertyPath: _hiddenObjectList.Array.data[4]
      value: 
      objectReference: {fileID: 55192785}
    - target: {fileID: 114722893733647440, guid: 8d7ab1887b29fb84e98dd066bc0e799e,
        type: 2}
      propertyPath: _hiddenObjectList.Array.data[5]
      value: 
      objectReference: {fileID: 196898172}
    - target: {fileID: 114722893733647440, guid: 8d7ab1887b29fb84e98dd066bc0e799e,
        type: 2}
      propertyPath: _hiddenObjectList.Array.data[6]
      value: 
      objectReference: {fileID: 688922510}
    - target: {fileID: 114722893733647440, guid: 8d7ab1887b29fb84e98dd066bc0e799e,
        type: 2}
      propertyPath: _hiddenObjectList.Array.data[7]
      value: 
      objectReference: {fileID: 1107714443}
    - target: {fileID: 4733972534808762, guid: 8d7ab1887b29fb84e98dd066bc0e799e, type: 2}
      propertyPath: m_LocalPosition.x
      value: -6.61
      objectReference: {fileID: 0}
    - target: {fileID: 4733972534808762, guid: 8d7ab1887b29fb84e98dd066bc0e799e, type: 2}
      propertyPath: m_LocalPosition.y
      value: 2.88
      objectReference: {fileID: 0}
    - target: {fileID: 4820066826936652, guid: 8d7ab1887b29fb84e98dd066bc0e799e, type: 2}
      propertyPath: m_LocalPosition.x
      value: 0
      objectReference: {fileID: 0}
    - target: {fileID: 4820066826936652, guid: 8d7ab1887b29fb84e98dd066bc0e799e, type: 2}
      propertyPath: m_LocalPosition.y
      value: 0
      objectReference: {fileID: 0}
    - target: {fileID: 4820066826936652, guid: 8d7ab1887b29fb84e98dd066bc0e799e, type: 2}
      propertyPath: m_LocalPosition.z
      value: 0
      objectReference: {fileID: 0}
    - target: {fileID: 4152279537577786, guid: 8d7ab1887b29fb84e98dd066bc0e799e, type: 2}
      propertyPath: m_LocalPosition.x
      value: 6.78
      objectReference: {fileID: 0}
    - target: {fileID: 4912689921058540, guid: 8d7ab1887b29fb84e98dd066bc0e799e, type: 2}
      propertyPath: m_LocalPosition.x
      value: -6.61
      objectReference: {fileID: 0}
    - target: {fileID: 4433737137682832, guid: 8d7ab1887b29fb84e98dd066bc0e799e, type: 2}
      propertyPath: m_LocalPosition.x
      value: 5.69
      objectReference: {fileID: 0}
    - target: {fileID: 4152279537577786, guid: 8d7ab1887b29fb84e98dd066bc0e799e, type: 2}
      propertyPath: m_LocalPosition.y
      value: 3.22
      objectReference: {fileID: 0}
    - target: {fileID: 4912689921058540, guid: 8d7ab1887b29fb84e98dd066bc0e799e, type: 2}
      propertyPath: m_LocalPosition.y
      value: -2.68
      objectReference: {fileID: 0}
    - target: {fileID: 4433737137682832, guid: 8d7ab1887b29fb84e98dd066bc0e799e, type: 2}
      propertyPath: m_LocalPosition.y
      value: -3.02
      objectReference: {fileID: 0}
    - target: {fileID: 4152279537577786, guid: 8d7ab1887b29fb84e98dd066bc0e799e, type: 2}
      propertyPath: m_LocalPosition.z
      value: 0
      objectReference: {fileID: 0}
    - target: {fileID: 4912689921058540, guid: 8d7ab1887b29fb84e98dd066bc0e799e, type: 2}
      propertyPath: m_LocalPosition.z
      value: 0
      objectReference: {fileID: 0}
    - target: {fileID: 4733972534808762, guid: 8d7ab1887b29fb84e98dd066bc0e799e, type: 2}
      propertyPath: m_LocalPosition.z
      value: 0
      objectReference: {fileID: 0}
    - target: {fileID: 4433737137682832, guid: 8d7ab1887b29fb84e98dd066bc0e799e, type: 2}
      propertyPath: m_LocalPosition.z
      value: 0
      objectReference: {fileID: 0}
    m_RemovedComponents: []
  m_ParentPrefab: {fileID: 100100000, guid: 8d7ab1887b29fb84e98dd066bc0e799e, type: 2}
  m_IsPrefabParent: 0
--- !u!1 &688922507 stripped
GameObject:
  m_PrefabParentObject: {fileID: 1791659051483272, guid: 8d7ab1887b29fb84e98dd066bc0e799e,
    type: 2}
  m_PrefabInternal: {fileID: 532537343}
--- !u!61 &688922509
BoxCollider2D:
  m_ObjectHideFlags: 0
  m_PrefabParentObject: {fileID: 0}
  m_PrefabInternal: {fileID: 0}
  m_GameObject: {fileID: 688922507}
  m_Enabled: 1
  m_Density: 1
  m_Material: {fileID: 0}
  m_IsTrigger: 0
  m_UsedByEffector: 0
  m_UsedByComposite: 0
  m_Offset: {x: 0, y: 0}
  m_SpriteTilingProperty:
    border: {x: 0, y: 0, z: 0, w: 0}
    pivot: {x: 0.5, y: 0.5}
    oldSize: {x: 2.61, y: 2.11}
    newSize: {x: 2.61, y: 2.11}
    adaptiveTilingThreshold: 0.5
    drawMode: 0
    adaptiveTiling: 0
  m_AutoTiling: 0
  serializedVersion: 2
  m_Size: {x: 2.61, y: 2.11}
  m_EdgeRadius: 0
--- !u!114 &688922510
MonoBehaviour:
  m_ObjectHideFlags: 0
  m_PrefabParentObject: {fileID: 0}
  m_PrefabInternal: {fileID: 0}
  m_GameObject: {fileID: 688922507}
  m_Enabled: 1
  m_EditorHideFlags: 0
  m_Script: {fileID: 11500000, guid: 38e22f5a6c590d7448ef58c92b140ab8, type: 3}
  m_Name: 
  m_EditorClassIdentifier: 
--- !u!1 &1107714440 stripped
GameObject:
  m_PrefabParentObject: {fileID: 1082595379575832, guid: 8d7ab1887b29fb84e98dd066bc0e799e,
    type: 2}
  m_PrefabInternal: {fileID: 532537343}
--- !u!61 &1107714442
BoxCollider2D:
  m_ObjectHideFlags: 0
  m_PrefabParentObject: {fileID: 0}
  m_PrefabInternal: {fileID: 0}
  m_GameObject: {fileID: 1107714440}
  m_Enabled: 1
  m_Density: 1
  m_Material: {fileID: 0}
  m_IsTrigger: 0
  m_UsedByEffector: 0
  m_UsedByComposite: 0
  m_Offset: {x: 0, y: 0}
  m_SpriteTilingProperty:
    border: {x: 0, y: 0, z: 0, w: 0}
    pivot: {x: 0.5, y: 0.5}
    oldSize: {x: 2.61, y: 2.11}
    newSize: {x: 2.61, y: 2.11}
    adaptiveTilingThreshold: 0.5
    drawMode: 0
    adaptiveTiling: 0
  m_AutoTiling: 0
  serializedVersion: 2
  m_Size: {x: 2.61, y: 2.11}
  m_EdgeRadius: 0
--- !u!114 &1107714443
MonoBehaviour:
  m_ObjectHideFlags: 0
  m_PrefabParentObject: {fileID: 0}
  m_PrefabInternal: {fileID: 0}
  m_GameObject: {fileID: 1107714440}
  m_Enabled: 1
  m_EditorHideFlags: 0
  m_Script: {fileID: 11500000, guid: 38e22f5a6c590d7448ef58c92b140ab8, type: 3}
  m_Name: 
  m_EditorClassIdentifier: 
--- !u!4 &1348581395 stripped
Transform:
  m_PrefabParentObject: {fileID: 4196004008999048, guid: 8a6df858a00fb3e40a634035ec81d479,
    type: 2}
  m_PrefabInternal: {fileID: 1777021933}
--- !u!1001 &1777021933
Prefab:
  m_ObjectHideFlags: 0
  serializedVersion: 2
  m_Modification:
    m_TransformParent: {fileID: 0}
    m_Modifications:
    - target: {fileID: 4196004008999048, guid: 8a6df858a00fb3e40a634035ec81d479, type: 2}
      propertyPath: m_LocalPosition.x
      value: 0
      objectReference: {fileID: 0}
    - target: {fileID: 4196004008999048, guid: 8a6df858a00fb3e40a634035ec81d479, type: 2}
      propertyPath: m_LocalPosition.y
      value: 0
      objectReference: {fileID: 0}
    - target: {fileID: 4196004008999048, guid: 8a6df858a00fb3e40a634035ec81d479, type: 2}
      propertyPath: m_LocalPosition.z
      value: 0
      objectReference: {fileID: 0}
    - target: {fileID: 4196004008999048, guid: 8a6df858a00fb3e40a634035ec81d479, type: 2}
      propertyPath: m_LocalRotation.x
      value: 0
      objectReference: {fileID: 0}
    - target: {fileID: 4196004008999048, guid: 8a6df858a00fb3e40a634035ec81d479, type: 2}
      propertyPath: m_LocalRotation.y
      value: 0
      objectReference: {fileID: 0}
    - target: {fileID: 4196004008999048, guid: 8a6df858a00fb3e40a634035ec81d479, type: 2}
      propertyPath: m_LocalRotation.z
      value: 0
      objectReference: {fileID: 0}
    - target: {fileID: 4196004008999048, guid: 8a6df858a00fb3e40a634035ec81d479, type: 2}
      propertyPath: m_LocalRotation.w
      value: 1
      objectReference: {fileID: 0}
    - target: {fileID: 4196004008999048, guid: 8a6df858a00fb3e40a634035ec81d479, type: 2}
      propertyPath: m_RootOrder
      value: 0
      objectReference: {fileID: 0}
    - target: {fileID: 4671635728309746, guid: 8a6df858a00fb3e40a634035ec81d479, type: 2}
      propertyPath: m_LocalPosition.x
      value: 0
      objectReference: {fileID: 0}
    - target: {fileID: 4671635728309746, guid: 8a6df858a00fb3e40a634035ec81d479, type: 2}
      propertyPath: m_LocalPosition.y
      value: 0
      objectReference: {fileID: 0}
    - target: {fileID: 4671635728309746, guid: 8a6df858a00fb3e40a634035ec81d479, type: 2}
      propertyPath: m_LocalPosition.z
      value: -10
      objectReference: {fileID: 0}
    m_RemovedComponents: []
  m_ParentPrefab: {fileID: 100100000, guid: 8a6df858a00fb3e40a634035ec81d479, type: 2}
  m_IsPrefabParent: 0
